@misc {
    semple,
    author = {Kirk Semple},
    title = {{Search for Malaysian Jet to Be Costliest in History}},
    howpublished = {The New York Times: \url{http://nyti.ms/1kIcQvF}},
    month = {April},
    year = {2014}
}

@misc {
    isrid,
    author = {dbS Productions LLC},
    title = {{Incident Search \& Rescue Incident Database}},
    howpublished = {\url{https://www.dbs-sar.com/SAR_Research/ISRID.htm}},
    year = {2011},
    note = {Proprietary. Provided for free for the purpose of analysis.}
}

@Manual {
    sqlalchemy,
    title = {SQLAlchemy - The Database Toolkit for Python},
    author = {SQLAlchemy authors and contributors}
}

@Manual {
    wsi,
    title = {Cleaned Observation API Documentation},
    author = {Weather Services International Corporation},
    note = {PDF document. Provided during a free trial.}
}

@misc {
    lee,
    author = {Jonathan Lee},
    title = {{Comparing Weather APIs}},
    howpublished = {\url{http://sarbayes.org/projects/comparing-weather-apis/}},
    month = {February},
    year = {2016}
}

@misc {
    rochford,
    author = {Austin Rochford},
    title = {Bayesian Survival Analysis in Python with \texttt{pymc3}},
    howpublished = {\url{http://austinrochford.com/posts/2015-10-05-bayes-survival.html}},
    month = {October},
    year = {2012}
}

@article {
    rich,
    author = {Jason T. Rich and J. Gail Neely and Randal C. Paniello and
              Courtney C. J. Voelker and Brian Nussenbaum and Eric W. Wang},
    title = {{A practical guide to understanding Kaplan-Meier curves}},
    journal = {Otolaryngology -- Head and Neck Surgery},
    year = {2010},
    volume = {143},
    number = {3},
    pages = {331-336},
    month = {September}
}

@misc {
    lifelines,
    author = {Cam Davidson-Pilon},
    title = {Lifelines},
    howpublished = {\url{http://lifelines.readthedocs.io/en/latest/}},
    year = {2014},
    note = {Implementation of survival analysis in Python}
}

@misc {
    brier+score,
    title = {Brier score},
    howpublished = {\url{https://en.wikipedia.org/wiki/Brier_score}}
}
